<record><leader>00000cas a22000007a 4500</leader><controlfield tag="001">14135921</controlfield><controlfield tag="008">860823d19201925iaucr ne      0    0eng d</controlfield><datafield ind1=" " ind2=" " tag="010"><subfield code="a">sn 86060149 </subfield></datafield><datafield ind1=" " ind2=" " tag="040"><subfield code="a">INP</subfield><subfield code="b">eng</subfield><subfield code="c">INP</subfield><subfield code="d">OCLCQ</subfield></datafield><datafield ind1=" " ind2=" " tag="042"><subfield code="a">msc</subfield></datafield><datafield ind1="0" ind2="4" tag="245"><subfield code="a">The Twice-a-week times-Republican.</subfield></datafield><datafield ind1="1" ind2="3" tag="246"><subfield code="a">Times-Republican twice-a-week</subfield></datafield><datafield ind1="1" ind2="3" tag="246"><subfield code="a">Bedford times-Republican</subfield><subfield code="f">Nov. 8, 1923-Mar. 19, 1925</subfield></datafield><datafield ind1=" " ind2=" " tag="260"><subfield code="a">Bedford, Taylor County, Iowa :</subfield><subfield code="b">Record Pub. Co.,</subfield><subfield code="c">1920-1925.</subfield></datafield><datafield ind1=" " ind2=" " tag="300"><subfield code="a">6 v. :</subfield><subfield code="b">ill.</subfield></datafield><datafield ind1=" " ind2=" " tag="310"><subfield code="a">Semiweekly</subfield></datafield><datafield ind1="0" ind2=" " tag="362"><subfield code="a">Vol. 43, no. 11 (Mar. 8, 1920)-v. 48, no. 58 (Mar. 19, 1925).</subfield></datafield><datafield ind1=" " ind2=" " tag="500"><subfield code="a">Publishers: John J. Clark, Aug. 1, 1921-May 26, 1924; John J. Clark Estate, May 29-Aug. 4, 1924; Kent I. Mason, Aug. 7, 1924-Mar. 19, 1925.</subfield></datafield><datafield ind1=" " ind2=" " tag="500"><subfield code="a">Official paper of Taylor County.</subfield></datafield><datafield ind1=" " ind2=" " tag="515"><subfield code="a">One issue published week of Aug. 1 and numbered v. 44, no. 95 &amp; 96 (Aug. 1 &amp; 4, 1921).</subfield></datafield><datafield ind1=" " ind2=" " tag="752"><subfield code="a">United States</subfield><subfield code="b">Iowa</subfield><subfield code="c">Taylor</subfield><subfield code="d">Bedford.</subfield></datafield><datafield ind1="0" ind2="0" tag="780"><subfield code="t">Times-Republican (Bedford, Iowa : 1899)</subfield><subfield code="w">(DLC)sn 86060097</subfield></datafield><datafield ind1="0" ind2="0" tag="785"><subfield code="t">Times-Republican (Bedford, Iowa : 1925)</subfield><subfield code="w">(DLC)sn 86060150</subfield></datafield></record>